@Book{muchnick,
  author = 	 {Steven S. Muchnick},
  title = 	 {{Advanced Compiler Design and Implementation}},
  publisher = 	 {Morgan Kaufmann Publishers Inc.},
  address =      {San Francisco, CA, USA},
  year = 	 {1997}
}
